@unpublished{Bersani,
author = {Bersani, Marcello M. and Erascu, Madalina and Ghilardi, Silvio and Marconi, Francesco and Rossi, Matteo},
pages = {2017},
title = {{Formal Verification of Data-Intensive Applications through Model Checking Modulo Theories}}
}

@misc{,
title = {{Negotiation Module. Security Reasoner}},
url = {https://bitbucket.org/specs-team/specs-core-negotiation-securityreasoner}
}

@inproceedings{Jac01,
author = {Jackson, D},
booktitle = {{\{}FME{\}} 2001: Formal Methods for Increasing Software Productivity, International Symposium of Formal Methods Europe, Berlin, Germany, March 12-16, 2001, Proceedings},
title = {{Lightweight Formal Methods}},
year = {2001}
}
@techreport{NIST80054r4,
institution = {National Institute of Standards and Technology},
title = {{NIST SP-800-53: Recommended Security Controls for Federal Information Systems}},
year = {2013}
}
@article{TakeshiTakahashi_IEEE_VT_Magazine_2013,
author = {Takahashi, Takeshi and Harju, Jarmo and Kannisto, Joona and Silverajan, Bilhanan and Harju, Jarmo and Matsuo, Shin'ichiro},
journal = {IEEE Vehicular Technology Magazine},
month = {jul},
publisher = {IEEE},
title = {{Tailored security: building nonrepudiable security service level agreements}},
volume = {8},
year = {2013}
}

@MISC{Ioana:2021,
author = {\texttt{Resursă Web:} Ciprian Ioana},
title = {Câți români dețin un smartphone și cât durează până trec la un model mai nou},
month = Martie,
year = {2021},
howpublished={\url{https://shorturl.at/eDIMO}}
}

@MISC{Turner:2023,
author = {\texttt{Resursă Web:} Ash Turner},
title = {HOW MANY SMARTPHONES ARE IN THE WORLD?},
month = April,
year = {2023},
howpublished={\url{https://www.bankmycell.com/blog/how-many-phones-are-in-the-world}}
}

@MISC{statcounter:2023,
author = {\texttt{Resursă Web:} gs.statcounter.com},
title = {Mobile Vendor Market Share Romania},
month = April,
year = {2023},
howpublished={\url{https://gs.statcounter.com/vendor-market-share/mobile/romania}}
}

@MISC{androidwikipedia:2023,
author = {\texttt{Resursă Web:} wikipedia.org},
title = {Android (operating system)},
month = April,
year = {2023},
howpublished={\url{https://en.wikipedia.org/wiki/Android_(operating_system)}}
}

@MISC{androidsdkwikipedia:2023,
author = {\texttt{Resursă Web:} wikipedia.org},
title = {Android SDK},
month = April,
year = {2023},
howpublished={\url{https://en.wikipedia.org/wiki/Android_SDK}}
}

@MISC{dart:2023,
author = {\texttt{Resursă Web:} dart.dev},
title = {Dart overview},
howpublished={\url{https://dart.dev/overview}}
}

@MISC{flutter:2023,
author = {\texttt{Resursă Web:} docs.flutter.dev},
title = {Flutter architectural overview},
howpublished={\url{https://docs.flutter.dev/resources/architectural-overview}}
}

@MISC{nodejs:2023,
author = {\texttt{Resursă Web:} Taha Sufiyan},
title = {What is Node.js: A Comprehensive Guide},
howpublished={\url{https://www.simplilearn.com/tutorials/nodejs-tutorial/what-is-nodejs}}
}

@MISC{restapi:2020,
author = {\texttt{Resursă Web:} Alexander S. Gillis},
title = {REST API (RESTful API)},
howpublished={\url{https://www.techtarget.com/searchapparchitecture/definition/RESTful-API}}
}

@MISC{mongodb1:2020,
author = {\texttt{Resursă Web:} mongodb.com},
title = {Introduction to MongoDB},
howpublished={\url{https://www.mongodb.com/docs/manual/introduction/}}
}

@MISC{mongodb2:2020,
author = {\texttt{Resursă Web:} wikipedia.org},
title = {MongoDB},
howpublished={\url{https://en.wikipedia.org/wiki/MongoDB}}
}

@MISC{mongodb3:2023,
author = {\texttt{Resursă Web:} kinsta.com},
title = {What Is MongoDB? All About the Popular Open Source Database)},
howpublished={\url{https://kinsta.com/knowledgebase/what-is-mongodb/}}
}